@article{murta2025complexity,
    title={Not published yet},
    author={Murta, L O},
    year={2025}
}

@article{vaswani2017attention,
    title={Attention is all you need},
    author={Vaswani, Ashish and Shazeer, Noam and Parmar, Niki and Uszkoreit, Jakob and Jones, Llion and Gomez, Aidan N and Kaiser, {\L}ukasz and Polosukhin, Illia},
    journal={Advances in neural information processing systems},
    volume={30},
    year={2017}
}

@article{kaplan2020scaling,
    title={Scaling laws for neural language models},
    author={Kaplan, Jared and McCandlish, Sam and Henighan, Tom and Brown, Tom B and Chess, Benjamin and Child, Rewon and Gray, Scott and Radford, Alec and Wu, Jeffrey and Amodei, Dario},
    journal={arXiv preprint arXiv:2001.08361},
    year={2020}
}

@article{hoffmann2022training,
    title={Training compute-optimal large language models},
    author={Hoffmann, Jordan and Borgeaud, Sebastian and Mensch, Arthur and Buchatskaya, Elena and Cai, Trevor and Rutherford, Eliza and Casas, Diego de Las and Hendricks, Lisa Anne and Welbl, Johannes and Clark, Aidan and others},
    journal={arXiv preprint arXiv:2203.15556},
    year={2022}
}

@article{brown2020language,
    title={Language models are few-shot learners},
    author={Brown, Tom and Mann, Benjamin and Ryder, Nick and Subbiah, Melanie and Kaplan, Jared D and Dhariwal, Prafulla and Neelakantan, Arvind and Shyam, Pranav and Girish, Sastry and Askell, Amanda and others},
    journal={Advances in neural information processing systems},
    volume={33},
    pages={1877--1893},
    year={2020}
}

@article{wei2022emergent,
    title={Emergent abilities of large language models},
    author={Wei, Jason and Tay, Yi and Bommasani, Rishi and Raffel, Colin and Zoph, Barret and Borgeaud, Sebastian and Yogatama, Dani and Bosma, Maarten and Zhou, Denny and Metzler, Donald and others},
    journal={arXiv preprint arXiv:2206.07682},
    year={2022}
}

@article{bubeck2023sparks,
    title={Sparks of artificial general intelligence: Early experiments with gpt-4},
    author={Bubeck, S{\'e}bastien and Chandrasekaran, Varun and Eldan, Ronen and Gehrke, Johannes and Horvitz, Eric and Kamar, Ece and Lee, Peter and Lee, Yin Tat and Li, Yuanzhi and Lundberg, Scott and others},
    journal={arXiv preprint arXiv:2303.12712},
    year={2023}
}

@article{paszke2019pytorch,
    title={PyTorch: An imperative style, high-performance deep learning library},
    author={Paszke, Adam and Gross, Sam and Massa, Francisco and Lerer, Adam and Bradbury, James and Chanan, Gregory and Killeen, Trevor and Lin, Zeming and Gimelshein, Natalia and Antiga, Luca and others},
    journal={Advances in neural information processing systems},
    volume={32},
    year={2019}
}

@article{wang2019superglue,
    title={SuperGLUE: A stickier benchmark for general-purpose language understanding systems},
    author={Wang, Alex and Pruksachatkun, Yada and Nangia, Nikita and Singh, Amanpreet and Michael, Julian and Hill, Felix and Levy, Omer and Bowman, Samuel R},
    journal={arXiv preprint arXiv:1905.00537},
    year={2019}
}

@article{raji2021ai,
    title={AI and the everything in the whole wide world benchmark},
    author={Raji, Inioluwa Deborah and Bender, Emily M and Paullada, Amandalynne and Denton, Emily and Hanna, Alex},
    journal={arXiv preprint arXiv:2111.15366},
    year={2021}
}

@article{chollet2019measure,
    title={On the measure of intelligence},
    author={Chollet, Fran{\c{c}}ois},
    journal={arXiv preprint arXiv:1911.01547},
    year={2019}
}

@article{liang2022holistic,
    title={Holistic evaluation of language models},
    author={Liang, Percy and Bommasani, Rishi and Lee, Tony and Tsipras, Dimitris and Soylu, Dilara and Yasunaga, Michihiro and Zhang, Yian and Narayanan, Deepak and Wu, Yuhuai and Kumar, Ananya and others},
    journal={arXiv preprint arXiv:2211.09110},
    year={2022}
}

@article{lopez1995statistical,
    title={A statistical measure of complexity},
    author={Lopez-Ruiz, Ricardo and Mancini, Hector L and Calbet, Xavier},
    journal={arXiv preprint arXiv:1009.1498v1},
    year={2010},
    eprint={1009.1498v1},
    archivePrefix={arXiv},
    primaryClass={nlin.AO}
}

@article{martin2003statistical,
    title={Statistical complexity and disequilibrium},
    author={Martin, MT and Plastino, Angelo and Rosso, OA},
    journal={Physics Letters A},
    volume={311},
    number={2-3},
    pages={126--132},
    year={2003},
    publisher={Elsevier}
}
